@misc{Autycom2019,
    author = {Autycom},
    title = {Aplicaciones del PLC en la industria moderna},
    howpublished = {\url{https://www.autycom.com/aplicaciones-del-plc-en-la-industria-moderna/}},
    year = {2019},
    month = {marzo},
    day = {12}
}
